@book{OrChCh2006,
author="Donal {O'Regan} and Yeol Je Cho and Yu-Qing Chen",
title="Topological Degree Theory and Applications",
volume="10",
year="2006",
publisher="Chapman and Hall/CRC",
address="Boca Raton, FL",
pages="1-15",
isbn="1-58488-648-X",
}

@article{FrHoLa2007,
author    = {A. Frommer and F. Hoxha and B Lang},
title     = {Proving the existence of zeros using the topological degree and interval arithmetic},
year      = {2007},
journal= {{Journal of Computational and Applied Mathematics}},
pages = {397--402},
volume= {199},
}

@article{MoVrYa2002,
author    = {B. Mourraina1 and M.N. Vrahatisb and J.C. Yakoubsohnc},
title     = {On the Complexity of Isolating Real Roots and Computing with Certainty the Topological Degree},
year      = {2002},
journal= {{Journal of Complexity}},
pages = {612--640},
volume= {18(2)},
}

@article{OnTh2006,
author    = {T. O'Neil and J.W. Thomas},
title     = {The Calculation of the Topological Degree by Quadrature},
year      = {2007},
journal= {{Siam Journal of Numerical Analysis}},
pages = {673--680},
volume= {12(5)},
}

